@inproceedings{paetzold2016semeval,
	title={Semeval 2016 task 11: Complex word identification},
	author={Paetzold, Gustavo and Specia, Lucia},
	booktitle={Proceedings of the 10th International Workshop on Semantic Evaluation (SemEval-2016)},
	pages={560--569},
	year={2016}
}

@inproceedings{paetzold2016sv000gg,
	title={Sv000gg at semeval-2016 task 11: Heavy gauge complex word identification with system voting},
	author={Paetzold, Gustavo and Specia, Lucia},
	booktitle={Proceedings of the 10th International Workshop on Semantic Evaluation (SemEval-2016)},
	pages={969--974},
	year={2016}
}

@article{butler2004maintaining,
	title={Maintaining cognitive health in an ageing society},
	author={Butler, Robert N and Forette, Fran{\c{c}}oise and Greengross, Baroness Sally},
	journal={The journal of the Royal Society for the Promotion of Health},
	volume={124},
	number={3},
	pages={119--121},
	year={2004},
	publisher={Sage Publications Sage CA: Thousand Oaks, CA}
}

@book{hoff2011population,
  title={Population ageing in Central and Eastern Europe: Societal and policy implications},
  author={Hoff, Andreas},
  year={2011},
  publisher={Ashgate Publishing, Ltd.}
}

@inproceedings{napoles2010learning,
	title={Learning simple Wikipedia: A cogitation in ascertaining abecedarian language},
	author={Napoles, Courtney and Dredze, Mark},
	booktitle={Proceedings of the NAACL HLT 2010 Workshop on Computational Linguistics and Writing: Writing Processes and Authoring Aids},
	pages={42--50},
	year={2010},
	organization={Association for Computational Linguistics}
}

@inproceedings{rello2013simplify,
	title={Simplify or help?: text simplification strategies for people with dyslexia},
	author={Rello, Luz and Baeza-Yates, Ricardo and Bott, Stefan and Saggion, Horacio},
	booktitle={Proceedings of the 10th International Cross-Disciplinary Conference on Web Accessibility},
	pages={15},
	year={2013},
	organization={ACM}
}

@inproceedings{petersen2007text,
	title={Text simplification for language learners: a corpus analysis},
	author={Petersen, Sarah E and Ostendorf, Mari},
	booktitle={Workshop on Speech and Language Technology in Education},
	year={2007}
}

@inproceedings{de2010text,
	title={Text simplification for children},
	author={De Belder, Jan and Moens, Marie-Francine},
	booktitle={Prroceedings of the SIGIR workshop on accessible search systems},
	pages={19--26},
	year={2010},
	organization={ACM}
}

@article{feng2008text,
  title={Text simplification: A survey},
  author={Feng, Lijun},
  journal={The City University of New York, Tech. Rep},
  year={2008}
}

@article{ediger2002reading,
  title={Reading and the Slow Learner.},
  author={Ediger, Marlow},
  year={2002},
  publisher={ERIC}
}

@misc{freyhoff1998make,
	title={Make it Simple. European Guidelines for the Production of Easyto-Read Information for People with Learning Difficulties},
	author={Freyhoff, G and others},
	year={1998},
	publisher={ILSMH European Association. Available at http://www. inclusion-europe. org/information/eetr. htm [26.4. 2006]}
}

@article{lohr2012age,
	title={The age of big data},
	author={Lohr, Steve},
	journal={New York Times},
	volume={11},
	number={2012},
	year={2012}
}

@inproceedings{cox1997managing,
	title={Managing big data for scientific visualization},
	author={Cox, Michael and Ellsworth, David},
	booktitle={ACM Siggraph},
	volume={97},
	pages={21--38},
	year={1997}
}

@article{caldwell2008web,
	title={Web content accessibility guidelines (WCAG) 2.0},
	author={Caldwell, Ben and Cooper, Michael and Reid, Loretta Guarino and Vanderheiden, Gregg},
	journal={WWW Consortium (W3C)},
	year={2008}
}

@misc{naaclacc,
	title={NAACL HLT Conference Acceptance Rate},
	howpublished={\url{https://aclweb.org/aclwiki/Conference_acceptance_rates#NAACL_HLT}},
	author={ACL},
	year={2018},
	note={Accessed: 2018-05-25}
}

@inproceedings{stolcke2002srilm,
  title={SRILM-an extensible language modeling toolkit},
  author={Stolcke, Andreas},
  booktitle={Seventh international conference on spoken language processing},
  year={2002}
}

@article{myers2015choosing,
  title={Choosing scrapy},
  author={Myers, Daniel and McGuffee, James W},
  journal={Journal of Computing Sciences in Colleges},
  volume={31},
  number={1},
  pages={83--89},
  year={2015},
  publisher={Consortium for Computing Sciences in Colleges}
}

@inproceedings{glavavs2015simplifying,
  title={Simplifying lexical simplification: do we need simplified corpora?},
  author={Glava{\v{s}}, Goran and {\v{S}}tajner, Sanja},
  booktitle={Proceedings of the 53rd Annual Meeting of the Association for Computational Linguistics and the 7th International Joint Conference on Natural Language Processing (Volume 2: Short Papers)},
  volume={2},
  pages={63--68},
  year={2015}
}

